@book{
Ian16,
author= "Ian Goodfellow, Yoshua Bengio, Aaron Courville",
title= "Deep learning",
publisher= "MIT press",
year=2017
}

@article{
YOLOv1,
author= "Joseph Redmon, Santosh Divvala, Ross Girshick, Ali Farhadi",
title= "You Only Look Once: Unified, Real-Time Object Detection",
journal= "arXiv arXiv:1506.02640v5",
month="May"
year=2016
}

@article{
YOLOv2,
author= "Joseph Redmon, Ali Farhadi",
title= "YOLO9000: Better, Faster, Stronger",
journal= "arXiv arXiv:1612.08242v1",
month="December"
year=2016
}

@article{
YOLOv3,
author= "Joseph Redmon, Ali Farhadi",
title= "YOLOv3: An Incremental Improvement",
journal= "arXiv arXiv:1804.02767v1",
month= "April"
year=2018
}

@misc{
ud188,
howpublished={\url{https://classroom.udacity.com/courses/ud188/lessons}}
}
